@article{sparqlbye,
  title={SPARQLByE: Querying RDF data by example},
  author={Diaz, Gonzalo and Arenas, Marcelo and Benedikt, Michael},
  journal={Proceedings of the VLDB Endowment},
  volume={9},
  number={13},
  pages={1533--1536},
  year={2016},
  publisher={VLDB Endowment}
}

@article{sapphire,
  title={Sapphire: Querying RDF data made simple},
  author={El-Roby, Ahmed and Ammar, Khaled and Aboulnaga, Ashraf and Lin, Jimmy},
  journal={Proceedings of the VLDB Endowment},
  volume={9},
  number={13},
  pages={1481--1484},
  year={2016},
  publisher={VLDB Endowment}
}


@inproceedings{discovering,
  title={Discovering Neighborhood Pattern Queries by sample answers in knowledge base},
  author={Han, Jialong and Zheng, Kai and Sun, Aixin and Shang, Shuo and Wen, Ji-Rong},
  booktitle={Data Engineering (ICDE), 2016 IEEE 32nd International Conference on},
  pages={1014--1025},
  year={2016},
  organization={IEEE}
}

@article{querybyexample,
  title={Querying knowledge graphs by example entity tuples},
  author={Jayaram, Nandish and Khan, Arijit and Li, Chengkai and Yan, Xifeng and Elmasri, Ramez},
  journal={IEEE Transactions on Knowledge and Data Engineering},
  volume={27},
  number={10},
  pages={2797--2811},
  year={2015},
  publisher={IEEE}
}

@article{EKG,
  title={Exploratory querying of extended knowledge graphs},
  author={Yahya, Mohamed and Berberich, Klaus and Ramanath, Maya and Weikum, Gerhard},
  journal={Proceedings of the VLDB Endowment},
  volume={9},
  number={13},
  pages={1521--1524},
  year={2016},
  publisher={VLDB Endowment}
}

@inproceedings{reversewww,
  title={Reverse engineering SPARQL queries},
  author={Arenas, Marcelo and Diaz, Gonzalo I and Kostylev, Egor V},
  booktitle={Proceedings of the 25th International Conference on World Wide Web},
  pages={239--249},
  year={2016},
  organization={International World Wide Web Conferences Steering Committee}
}


@article{barcelo2016complexity,
  title={The complexity of reverse engineering problems for conjunctive queries},
  author={Barcel{\'o}, Pablo and Romero, Miguel},
  journal={arXiv preprint arXiv:1606.01206},
  year={2016}
}

@article{deductive_relax,
  title={Cooperative answering through controlled query relaxation},
  author={Gaasterland, Terry},
  journal={IEEE Expert},
  volume={12},
  number={5},
  pages={48--59},
  year={1997},
  publisher={IEEE}
}

@article{relational_relax,
  title={CoBase: A scalable and extensible cooperative information system},
  author={Chu, Wesley W and Yang, Hua and Chiang, Kuorong and Minock, Michael and Chow, Gladys and Larson, Chris},
  journal={Journal of intelligent information systems},
  volume={6},
  number={2-3},
  pages={223--259},
  year={1996},
  publisher={Springer}
}

@article{xml_relax,
  title={CoXML: Cooperative XML Query Answering?},
  author={Chu, Wesley W and Liu, Shaorong},
  journal={Wiley Encyclopedia of Computer Science and Engineering},
  year={2008},
  publisher={Wiley Online Library}
}

@article{tran2014query,
  title={Query reverse engineering},
  author={Tran, Quoc Trung and Chan, Chee-Yong and Parthasarathy, Srinivasan},
  journal={The VLDB Journal},
  volume={23},
  number={5},
  pages={721--746},
  year={2014},
  publisher={Springer}
}

@inproceedings{graph,
  title={Definability problems for graph query languages},
  author={Antonopoulos, Timos and Neven, Frank and Servais, Fr{\'e}d{\'e}ric},
  booktitle={Proceedings of the 16th International Conference on Database Theory},
  pages={141--152},
  year={2013},
  organization={ACM}
}

@inproceedings{xml,
  title={Characterizing XML twig queries with examples},
  author={Staworko, Slawomir and Wieczorek, Piotr},
  booktitle={International Conference on Database Theory},
  year={2015}
}